
@article{ko2009brain,
  title={Brain activities associated with gaming urge of online gaming addiction},
  author={Ko, Chih-Hung and Liu, Gin-Chung and Hsiao, Sigmund and Yen, Ju-Yu and Yang, Ming-Jen and Lin, Wei-Chen and Yen, Cheng-Fang and Chen, Cheng-Sheng},
  journal={Journal of psychiatric research},
  volume={43},
  number={7},
  pages={739--747},
  year={2009},
  publisher={Elsevier}
}

@article{young2009understanding,
  title={Understanding online gaming addiction and treatment issues for adolescents},
  author={Young, Kimberly},
  journal={The American journal of family therapy},
  volume={37},
  number={5},
  pages={355--372},
  year={2009},
  publisher={Taylor and Francis}
}

@article{kuss2013internet,
  title={Internet gaming addiction: current perspectives},
  author={Kuss, Daria J},
  journal={Psychology research and behavior management},
  volume={6},
  pages={125},
  year={2013},
  publisher={Dove Press}
}

@article{kuss2012online,
  title={Online gaming addiction in children and adolescents: A review of empirical research},
  author={Kuss, Daria J and Griffiths, Mark D},
  journal={Journal of behavioral addictions},
  volume={1},
  number={1},
  pages={3--22},
  year={2012},
  publisher={Akad{\'e}miai Kiad{\'o}, co-published with Springer Science+ Business Media BV~…}
}

@article{parker2008problem,
  title={Problem gambling in adolescence: Relationships with internet misuse, gaming abuse and emotional intelligence},
  author={Parker, James DA and Taylor, Robyn N and Eastabrook, Jennifer M and Schell, Stacey L and Wood, Laura M},
  journal={Personality and Individual differences},
  volume={45},
  number={2},
  pages={174--180},
  year={2008},
  publisher={Elsevier}
}

@article{dowling2005electronic,
  title={Electronic gaming machines: are they the ‘crack-cocaine’of gambling?},
  author={Dowling, Nicki and Smith, David and Thomas, Trang},
  journal={Addiction},
  volume={100},
  number={1},
  pages={33--45},
  year={2005},
  publisher={Wiley Online Library}
}

@article{gainsbury2015exploratory,
  title={An exploratory study of interrelationships between social casino gaming, gambling, and problem gambling},
  author={Gainsbury, Sally M and Hing, Nerilee and Delfabbro, Paul and Dewar, Grant and King, Daniel L},
  journal={International Journal of Mental Health and Addiction},
  volume={13},
  number={1},
  pages={136--153},
  year={2015},
  publisher={Springer}
}

@article{king2015distinguishing,
  title={Distinguishing between gaming and gambling activities in addiction research},
  author={King, Daniel L and Gainsbury, Sally M and Delfabbro, Paul H and Hing, Nerilee and Abarbanel, Brett},
  journal={Journal of Behavioral Addictions},
  volume={4},
  number={4},
  pages={215--220},
  year={2015},
  publisher={Akad{\'e}miai Kiad{\'o} Budapest}
}

@book{walker1992psychology,
  title={The psychology of gambling.},
  author={Walker, Michael B},
  year={1992},
  publisher={Pergamon Press}
}

@article{national1999pathological,
  title={Pathological gambling: A critical review},
  author={National Research Council and others},
  year={1999},
  publisher={National Academies Press}
}

@article{king2020convergence,
  title={The convergence of gambling and monetised gaming activities},
  author={King, Daniel L and Delfabbro, Paul H},
  journal={Current Opinion in Behavioral Sciences},
  volume={31},
  pages={32--36},
  year={2020},
  publisher={Elsevier}
}

@article{spekman2013gaming,
  title={Gaming addiction, definition and measurement: A large-scale empirical study},
  author={Spekman, Marloes LC and Konijn, Elly A and Roelofsma, Peter HMP and Griffiths, Mark D},
  journal={Computers in Human Behavior},
  volume={29},
  number={6},
  pages={2150--2155},
  year={2013},
  publisher={Elsevier}
}

@article{freeman2008internet,
  title={Internet gaming addiction},
  author={Freeman, Cindy Burkhardt},
  journal={The Journal for Nurse Practitioners},
  volume={4},
  number={1},
  pages={42--47},
  year={2008},
  publisher={Elsevier}
}

 @misc{hodent_2021, title={Ethics in the videogame industry: A Mythbusting and scientific approach}, url={https://celiahodent.com/ethics-in-the-videogame-industry/}, journal={Celia Hodent}, publisher={Brain, UX and Games}, author={HODENT, Celia}, year={2021}, month={May}} 
 
  @misc{ieee computer society code of ethics comments_2000, title={Code of ethics: IEEE Computer Society}, url={https://www.computer.org/education/code-of-ethics}, journal={IEEE Computer Society Code of Ethics Comments}, publisher={IEEE}, year={2000}} 